<record xmlns='http://www.loc.gov/MARC21/slim'><leader>01692cim a22004212u 4500</leader><controlfield tag='001'>3601050</controlfield><controlfield tag='005'>20151214182754.0</controlfield><controlfield tag='007'>ss|lmnjluz|nuu</controlfield><controlfield tag='008'>991101s1984    nyunnn         l    eng d</controlfield><datafield ind1=' ' ind2=' ' tag='035'><subfield code='a'>(NIC)notisASF8115</subfield></datafield><datafield ind1=' ' ind2=' ' tag='035'><subfield code='a'>3601050</subfield></datafield><datafield ind1=' ' ind2=' ' tag='035'><subfield code='a'>(OCoLC)63896985</subfield></datafield><datafield ind1=' ' ind2=' ' tag='040'><subfield code='a'>NIC</subfield><subfield code='c'>NIC</subfield><subfield code='d'>NIC</subfield><subfield code='d'>NIC</subfield></datafield><datafield ind1='1' ind2=' ' tag='100'><subfield code='a'>Katzenstein, Peter J.</subfield></datafield><datafield ind1='1' ind2='4' tag='245'><subfield code='a'>The &apos;German Question&apos; reopened</subfield><subfield code='h'>[sound recording]</subfield></datafield><datafield ind1=' ' ind2=' ' tag='260'><subfield code='c'>1984.</subfield></datafield><datafield ind1=' ' ind2=' ' tag='300'><subfield code='a'>1 sound cassette (52 min.) :</subfield><subfield code='b'>analog, mono.</subfield></datafield><datafield ind1=' ' ind2=' ' tag='500'><subfield code='a'>Recorded in Ithaca, NY by Cornell University.</subfield></datafield><datafield ind1=' ' ind2=' ' tag='500'><subfield code='a'>Accompanied by: Notes.</subfield></datafield><datafield ind1=' ' ind2=' ' tag='500'><subfield code='a'>Sponsored by: Western Societies Program.</subfield></datafield><datafield ind1=' ' ind2=' ' tag='500'><subfield code='a'>Speaker(s): Katzenstein is a professor in the Government Department, Cornell.</subfield></datafield><datafield ind1=' ' ind2=' ' tag='518'><subfield code='a'>Lecture, November 10, 1984.</subfield></datafield><datafield ind1=' ' ind2=' ' tag='520'><subfield code='a'>Katzenstein emphasizes the contradictory elements inherent in the German reunification question.</subfield></datafield><datafield ind1=' ' ind2='0' tag='651'><subfield code='a'>Germany (East)</subfield><subfield code='x'>Social conditions</subfield><subfield code='y'>1945-</subfield></datafield><datafield ind1=' ' ind2='0' tag='650'><subfield code='a'>German reunification question (1949-1990)</subfield></datafield><datafield ind1=' ' ind2='0' tag='650'><subfield code='a'>Nationalism.</subfield></datafield><datafield ind1=' ' ind2='0' tag='651'><subfield code='a'>Germany (East)</subfield><subfield code='x'>Foreign relations</subfield><subfield code='z'>Germany (West)</subfield></datafield><datafield ind1='2' ind2='7' tag='611'><subfield code='a'>German reunification question (1949-1990)</subfield><subfield code='2'>fast</subfield><subfield code='0'>(OCoLC)fst00941961</subfield></datafield><datafield ind1=' ' ind2='7' tag='648'><subfield code='a'>Since 1945</subfield><subfield code='2'>fast</subfield></datafield><datafield ind1=' ' ind2='7' tag='650'><subfield code='a'>Diplomatic relations</subfield><subfield code='2'>fast</subfield><subfield code='0'>(OCoLC)fst01907412</subfield></datafield><datafield ind1=' ' ind2='7' tag='650'><subfield code='a'>Nationalism</subfield><subfield code='2'>fast</subfield><subfield code='0'>(OCoLC)fst01033832</subfield></datafield><datafield ind1=' ' ind2='7' tag='650'><subfield code='a'>Social history</subfield><subfield code='2'>fast</subfield><subfield code='0'>(OCoLC)fst01122498</subfield></datafield><datafield ind1=' ' ind2='7' tag='651'><subfield code='a'>Germany (East)</subfield><subfield code='2'>fast</subfield><subfield code='0'>(OCoLC)fst01210274</subfield></datafield><datafield ind1=' ' ind2='7' tag='651'><subfield code='a'>Germany (West)</subfield><subfield code='2'>fast</subfield><subfield code='0'>(OCoLC)fst01210273</subfield></datafield><datafield ind1=' ' ind2='0' tag='830'><subfield code='a'>East Germany, West Germany and the Soviet Union:  the changing relationship.</subfield></datafield><datafield ind1='1' ind2=' ' tag='899'><subfield code='a'>CULectures</subfield></datafield><datafield ind1=' ' ind2=' ' tag='905'><subfield code='a'>20000403120000.0</subfield></datafield><datafield ind1='2' ind2=' ' tag='948'><subfield code='a'>20141221</subfield><subfield code='b'>m</subfield><subfield code='d'>batch</subfield><subfield code='e'>lts</subfield><subfield code='x'>addfast</subfield></datafield></record>